<?xml version="1.0" encoding="UTF-8"?><collection><record><leader>08933ntm a2200577 a 4500</leader><controlfield tag="001">006492194</controlfield><controlfield tag="003">MiAaHDL</controlfield><controlfield tag="005">20190719000000.0</controlfield><controlfield tag="006">m        d        </controlfield><controlfield tag="007">cr bn ---auaua</controlfield><controlfield tag="008">090428s1749    xx            00| ||ara d</controlfield><datafield tag="035" ind1=" " ind2=" "><subfield code="a">(MiU)006492194</subfield></datafield><datafield tag="035" ind1=" " ind2=" "><subfield code="a">sdr-miu006492194</subfield></datafield><datafield tag="040" ind1=" " ind2=" "><subfield code="a">MiU</subfield><subfield code="c">MiU</subfield><subfield code="e">amremm</subfield></datafield><datafield tag="043" ind1=" " ind2=" "><subfield code="a">n-us-mi</subfield></datafield><datafield tag="100" ind1="1" ind2=" "><subfield code="6">880-01</subfield><subfield code="a">Qārī al-Harawī, ʻAlī ibn Sulṭān Muḥammad,</subfield><subfield code="d">-1605 or 1606.</subfield></datafield><datafield tag="245" ind1="1" ind2="0"><subfield code="6">880-03</subfield><subfield code="a">Jamʻ al-wasāʼil fī sharḥ al-Shamāʼil,</subfield><subfield code="f">[1162, i.e. 1749].</subfield></datafield><datafield tag="246" ind1="3" ind2=" "><subfield code="i">Title from inscription on verso of front flyleaf:</subfield><subfield code="a">شرح شمائل شريف لعلي القاري</subfield></datafield><datafield tag="260" ind1=" " ind2=" "><subfield code="c">[1749]</subfield></datafield><datafield tag="300" ind1=" " ind2=" "><subfield code="a">488 leaves :</subfield><subfield code="b">paper ;</subfield><subfield code="c">215 x 125 mm (150 x 65) mm.</subfield></datafield><datafield tag="500" ind1=" " ind2=" "><subfield code="a">Shelfmark: Ann Arbor, University of Michigan, Special Collections Library, Isl. Ms. 105</subfield></datafield><datafield tag="500" ind1=" " ind2=" "><subfield code="a">Origin: As appears in colophon on p.971, copied by ʻAlī ibn Ḥusayn ibn Ḥasan al-Qalbī [al-Qulaybī?] al-Ḥanafī, perhaps assisted by those he names. Transcription finished ("qad waqaʻa al-farāgh min intisākh al-sharḥ al-sharīf...") 1 Muḥarram 1163 [ca. 11 December 1749]. As appears in authorial colophon on p.970, composition completed mid-Shaʻbān 1008 [February-March 1600] in Mecca.</subfield></datafield><datafield tag="500" ind1=" " ind2=" "><subfield code="a">Former shelfmark: British Museum, London "No. 41. Commentary on Shamail."</subfield></datafield><datafield tag="500" ind1=" " ind2=" "><subfield code="a">Binding: Pasteboards covered in dark brown leather ; Type II binding (with flap, though now lost) ; board linings in yellow laid paper ; flyleaves (made endpapers) in marbled paper (blue, orange, pink, green) ; upper and lower covers carry blind-stamped and gold-painted mandorla and pendants filled with vegetal decoration along with gold-painted border of tooled fillets framing a guilloché roll in a series of s-shaped stamps ; sewn in green and pink thread, two stations ; worked endbands in mustard and green, partially intact at head and tail ; quires from first half of codex are entirely detached ; spine has only partially retained leather covering ; second half of volume retains spine covering and intact sewing ; housed in box for protection.</subfield></datafield><datafield tag="500" ind1=" " ind2=" "><subfield code="a">Support: European laid paper with 12 laid lines per cm. (vertical) and chain lines spaced 25 mm. apart (horizontal) ; watermarks include lion statant guardant.</subfield></datafield><datafield tag="500" ind1=" " ind2=" "><subfield code="a">Decoration: Elegant illuminated headpiece (ʻunwān) at opening of table of contents on p.4, consisting of rectangular piece carrying empty gold cartouche flanked by red and green floral motifs on fields of lilac surmounted by a semi-circular (dome) piece with red flowers and sea-green vegetal motif on a field of lilac ; fillets in red as border ; table of contents ruled in red ; splended illuminated headpiece (ʻunwan) at opening of text on p.20 ; consists of a w-shaped piece (with floral vegetal decoration in white, lilac, orange, etc. on fields of blue, gold, and sea-green) set in richly decorated well in red, gold, black, and maroon ; surmounted by vertical stalks (tīgh) in blue, orange, red, and gold ; two rectangular panels sit below the well, the upper bears a cartouche carrying the basmalah flanked by panels with floral motif in red, copper, lilac on a field of gold, a design which continues in the lower rectangular panel ; written area of incipit and facing page surrounded by a frame consisting of a heavy gold band outlined by black and red fillets ; illuminated rosettes serve as textual dividers on the incipit and facing page ; elsewhere written area surrounded by red rule-border ; keywords rubricated ; overlining in red ; occasional textual dividers in the form of inverted commas.</subfield></datafield><datafield tag="500" ind1=" " ind2=" "><subfield code="a">Script: Naskh-nastaʻlīq and naskh ; several hands ; naskh-nastaʻlīq sans serif with mainly closed counters, leftward tilt, and pointing in strokes rather than dots ; hand changes at p.115 to a neat naskh partially seriffed with serif on initial lām, ṭāʼ, etc., pointing in distinct dots, and open counters ; at p.211 changes to a heavier, bolder naskh, partially seriffed with rightward hook for serif on initial lām, leftward hooks for lām and alif in lām-alif, superscripting of final letters on line ; at p.251 returns to naskh-nastaʻlīq ; at p.323 changes to a naskh with slight leftward tilt, serifless, dot of final nūn assimilated with bowl, pointing in strokes rather than distinct dots ; at p.512 returns to naskh-nastaʻlīq with heavy head-serifs for lām and freestanding alif, pointing in dots rather than strokes ; at p.929 returns to initial naskh-nastaʻlīq.</subfield></datafield><datafield tag="500" ind1=" " ind2=" "><subfield code="a">Layout: Written in 23 lines per page ; frame-ruled.</subfield></datafield><datafield tag="500" ind1=" " ind2=" "><subfield code="a">Collation: i, III (6), VI+1 (19), 3 V(49), IV (57), 4 V(97), IV (105), 5 V(155), III (161), VI (173), VII (187), 2 V(207), IV+ 1 (216), 5 V(266), II (270), 5 V(320), II (324), 8 V(404), II (408), 5 V(458), III (464), V (474), IV (482), III (488), i ; mainly quinions ; catchwords present ; foliation in black ink, Hindu-Arabic numerals ; pagination in pencil, Western numerals (supplied during digitization, skips a page after p.974 and then repeats p.974).</subfield></datafield><datafield tag="500" ind1=" " ind2=" "><subfield code="a">Colophon: "Scribal," triangular, reads: "قد وقع فراغ من انتساخ الشرح الشريف بون الله الملك اللطيف على ايدي [؟] العباد الفقير الى رحمة العفو القدير علي بن حسين بن حسن القليبي [؟] الحنفي الحامل القران اوصله الله تعالى الى الرضوان و عاملهم الله باللطف و الغضران و سيد عثمان و خليل و ايوب و عمر و ابراهيم و سيد محمد اصلح الله تعالى حالهم و غفر الله لهم و لوالديهم امين بجاه النبي الامين يوم الخميس الاول من المحرم المحرم المعظم لشهور سنة ثلث و ستين و ماية و الف من الهجرة من له العز و الشرف الحمد لله و صلى الله على نبيه و مصطفاه و على اله و اصحابه الطيبين الطاهرين المتبعين بطريقته تم"</subfield></datafield><datafield tag="500" ind1=" " ind2=" "><subfield code="a">Explicit: "و الله سبحانه اعلم تحقيقا و بعونه يوجد العلم لغيره توفيقا و الحمد لله اولا و اخرا و الصلوة و السلام على صاحب المقام المحمود باطنا و ظاحرا"</subfield></datafield><datafield tag="500" ind1=" " ind2=" "><subfield code="a">Incipit: "الحمد الله خلق الخلق و الا خلاق و الا رزاق و الا فعال ... اما بعد فيقول افقر عباد الله الغني الباري علي بن سلطان محمد القاري لما كان موضوع علم الحديث ذات النبي ... و من احسن ما صنف في شمائل و اخلاقه صلى الله تعالى عليه و سلم كتاب الترمذي المختصر الجامع في سيره على وجه الوجيه الاتم ... احببت ان ادخل في زمرة الخادمين بشرح ذلك الكتاب ... و سميته جمع الوسائل في شرح الشمائل"</subfield></datafield><datafield tag="500" ind1=" " ind2=" "><subfield code="a">Title from opening on p.22.</subfield></datafield><datafield tag="500" ind1=" " ind2=" "><subfield code="a">Ms. codex.</subfield></datafield><datafield tag="510" ind1="4" ind2=" "><subfield code="a">Brockelmann, C., GAL,</subfield><subfield code="c">SI, 268 (II, cmt. 5)</subfield></datafield><datafield tag="510" ind1="4" ind2=" "><subfield code="a">Brockelmann, C., GAL,</subfield><subfield code="c">I, 162 (II, cmt. 5)</subfield></datafield><datafield tag="520" ind1="8" ind2=" "><subfield code="a">Elegant copy of a commentary on al-Tirmidhī's Shamāʼil, a work on the characteristics of the Prophet. Description provided mainly by Sarah Mirza.</subfield></datafield><datafield tag="538" ind1=" " ind2=" "><subfield code="a">Mode of access: Internet.</subfield></datafield><datafield tag="541" ind1=" " ind2=" "><subfield code="c">Purchase ;</subfield><subfield code="a">Acquired by purchase (funds donated by Horace Rackham).</subfield><subfield code="d">1924.</subfield></datafield><datafield tag="546" ind1=" " ind2=" "><subfield code="a">Arabic.</subfield></datafield><datafield tag="561" ind1=" " ind2=" "><subfield code="a">Bookplate of British Museum, London on interior of upper cover, "British Museum, London. No. 41. Commentary on Shamail." ; circular seal impression with figure of goat/gazelle in purple ink as well as inscription "273" in Western numerals on opening leaf of table of contents (p.1) ; "وقف" appears inscribed in margins throughout text but waqf statement lost or never inscribed ; occasional corrections (including strikethrough with red dots, see p.121, p.210, etc.) ; minimal glosses which appear to be in one hand ; marks of collation (three dots) appear occasionally in margin.</subfield></datafield><datafield tag="600" ind1="0" ind2="0"><subfield code="a">Muḥammad,</subfield><subfield code="c">Prophet,</subfield><subfield code="d">-632</subfield><subfield code="v">Biography</subfield><subfield code="v">Early works to 1800.</subfield></datafield><datafield tag="600" ind1="1" ind2="0"><subfield code="a">Tirmidhī, Muḥammad ibn ʻĪsá,</subfield><subfield code="d">-892.</subfield><subfield code="t">Shamāʼil.</subfield></datafield><datafield tag="650" ind1=" " ind2="0"><subfield code="a">Manuscripts, Arabic</subfield><subfield code="z">Michigan</subfield><subfield code="z">Ann Arbor.</subfield></datafield><datafield tag="650" ind1=" " ind2="0"><subfield code="a">Hadith</subfield><subfield code="x">Criticism, interpretation, etc.</subfield><subfield code="v">Early works to 1800.</subfield></datafield><datafield tag="655" ind1=" " ind2="7"><subfield code="a">Headpieces (layout features)</subfield><subfield code="y">18th century.</subfield><subfield code="2">aat</subfield></datafield><datafield tag="700" ind1="0" ind2=" "><subfield code="6">880-04</subfield><subfield code="a">ʻAlī ibn Ḥusayn ibn Ḥasan al-Qalbī,</subfield><subfield code="d">fl. 1749,</subfield><subfield code="e">scribe.</subfield></datafield><datafield tag="773" ind1="0" ind2=" "><subfield code="a">Tiflis Collection.</subfield></datafield><datafield tag="880" ind1="0" ind2=" "><subfield code="6">700-04/</subfield><subfield code="a">علي بن حسين بن حسن القلبي،</subfield><subfield code="e">ناسخ.</subfield></datafield><datafield tag="880" ind1="1" ind2="0"><subfield code="6">245-03/</subfield><subfield code="a">جمع الوسائل في شرح الشمائل,</subfield><subfield code="f">[1162ه, 1749م].</subfield></datafield><datafield tag="880" ind1="1" ind2=" "><subfield code="6">100-01/</subfield><subfield code="a">قاري الهروي، علي بن سلطان محمد.</subfield></datafield><datafield tag="CID" ind1=" " ind2=" "><subfield code="a">006492194</subfield></datafield><datafield tag="DAT" ind1="0" ind2=" "><subfield code="a">20190719102634.0</subfield><subfield code="b">20190719000000.0</subfield></datafield><datafield tag="DAT" ind1="1" ind2=" "><subfield code="a">20190719090653.0</subfield><subfield code="b">2019-07-19T16:11:01Z</subfield></datafield><datafield tag="DAT" ind1="2" ind2=" "><subfield code="a">2015-10-10T18:00:06Z</subfield></datafield><datafield tag="CAT" ind1=" " ind2=" "><subfield code="a">SDR-MIU</subfield><subfield code="d">EX LIBRIS - ALEPH</subfield><subfield code="l">prepare.pl-004-008</subfield></datafield><datafield tag="FMT" ind1=" " ind2=" "><subfield code="a">BK</subfield></datafield><datafield tag="HOL" ind1=" " ind2=" "><subfield code="0">sdr-miu006492194</subfield><subfield code="a">MiU</subfield><subfield code="b">SDR</subfield><subfield code="c">MIU</subfield><subfield code="p">mdp.39015079125525</subfield><subfield code="s">MIU</subfield><subfield code="1">006492194</subfield></datafield><datafield tag="974" ind1=" " ind2=" "><subfield code="b">MIU</subfield><subfield code="c">MIU</subfield><subfield code="d">20190719</subfield><subfield code="s">lit-dlps-dc</subfield><subfield code="u">mdp.39015079125525</subfield><subfield code="y">1749</subfield><subfield code="r">pd</subfield><subfield code="q">bib</subfield><subfield code="t">non-US bib date1 &lt; 1896</subfield></datafield></record></collection>